@misc{abduction,
    author = "Spartacus Victoria",
    title = "Trapeziometacarpal Joint: A Mechanical Explanation of Total Prosthesis Failures",
    year = "2019",
    doi = "10.5772/intechopen.81318"}

@misc{shadow_rob,
    author = {Shadow Robotics},
    title = {Shadow Robotics Introducing DEX-EE the most robust dexterous robot hand on the market},
    year = 2024,
    url = {https://www.shadowrobot.com/dexterous-hand-series}}
}

@misc{robotique,
    author = {Robotique},
    title = {3-Finger Gripper, Robotiq's flagship},
    year = 2024,
    url = {https://assets.robotiq.com/website-assets/support_documents/document/3-Finger_PDF_20190221.pdf}}
}

@misc{barret,
    author = {BarrettHand™},
    title = {},
    year = 2024,
    url = {https://web.barrett.com/files/BH8-282_Datasheet.pdf}}
}

@misc{scram,
    author = {Scram Robotics GmbH},
    title = {3-Finger-Gripper},
    year = 2024,
    url = {https://www.scramprobotics.com/list.php?cid=244}}
}

@misc{stm32_f4_prog,
    author = {ST Microcontrollers},
    title = {STM32F405VGT6 programming manual},
    year = 2024,
    url = {https://www.st.com/resource/en/programming_manual/pm0214-stm32-cortexm4-mcus-and-mpus-programming-manual-stmicroelectronics.pdf}}
}

@misc{stm32_f4_ref,
    author = {ST Microcontrollers},
    title = {STM32F405VGT6 programming manual},
    year = 2024,
    url = {https://www.st.com/resource/en/programming_manual/pm0214-stm32-cortexm4-mcus-and-mpus-programming-manual-stmicroelectronics.pdf}}
}

@misc{stm32_f4_data,
    author = {ST Microcontrollers},
    title = {32F405VGT6 datasheet},
    year = 2024,
    url = {https://assets.robotiq.com/website-assets/support_documents/document/3-Finger_PDF_20190221.pdf}}
}

@misc{spi,
    author = {CircuitBasics},
    title = {Basics of the SPI Communication Protocol},
    year = 2024,
    url = {https://www.circuitbasics.com/basics-of-the-spi-communication-protocol/}}
}

@misc{can,
    author = {Texas Instruments},
    title = {Texas Instruments IntroductiontotheControllerAreaNetwork(CAN)},
    year = 2024,
    url = {https://www.ti.com/lit/an/sloa101b/sloa101b.pdf?ts=1727328184241&ref_url=https%253A%252F%252Fwww.google.com%252F}}
}

@misc{mp6519,
    author = {MPS},
    title = {EV6519-Q-00A, 5A, 28V, H-Bridge Current Regulator Evaluation Board},
    year = 2024,
    url = {https://www.alldatasheet.com/datasheet-pdf/download/1040940/MPS/MP6519.html}}
}

@misc{tcan330,
    author = {Texas Instruments},
    title = {3.3-V CAN Transceivers},
    year = 2024,
    url = {https://www.ti.com/lit/gpn/tcan330}}
}

@misc{stm32_l4_prog,
    author = {ST Microcontrollers},
    title = {STM32L432KC programming manual},
    year = 2024,
    url = {https://www.st.com/resource/en/programming_manual/pm0214-stm32-cortexm4-mcus-and-mpus-programming-manual-stmicroelectronics.pdf}}
}

@misc{stm32_l4_ref,
    author = {ST Microcontrollers},
    title = {STM32L432KC programming manual},
    year = 2024,
    url = {https://www.st.com/resource/en/reference_manual/rm0394-stm32l41xxx42xxx43xxx44xxx45xxx46xxx-advanced-armbased-32bit-mcus-stmicroelectronics.pdf}}
}

@misc{stm32_l4_data,
    author = {ST Microcontrollers},
    title = {STM32L432KC datasheet},
    year = 2024,
    url = {https://www.st.com/resource/en/datasheet/stm32l432kc.pdf}}
}

@misc{mcp2551,
    author = {Microchip Technologies},
    title = {MCP2551 CAN Transceiver datasheet},
    year = 2024,
    url = {https://www.microchip.com/en-us/product/mcp2551}}
}

@misc{ap6320,
    author = {Diodes incorporated},
    title = {3.8V TO 32V INPUT, 2A LOW IQ SYNCHRONOUS BUCK WITH ENHANCED EMI REDUCTION},
    year = 2024,
    url = {https://www.diodes.com/assets/Datasheets/AP63200-AP63201-AP63203-AP63205.pdf}}
}

@misc{vishay,
    author = {Vishay Siliconix},
    title = {3 V to 28 V Input, 8 A, 12 A microBUCK® DC/DC Converter},
    year = 2024,
    url = {https://www.vishay.com/docs/75921/sic437.pdf}}
}

@misc{ch340c,
    author = {SparkFun Electronics},
    title = {USB to serial chip CH340},
    year = 2024,
    url = {https://cdn.sparkfun.com/datasheets/Dev/Arduino/Other/CH340DS1.PDF}}
}

@misc{am26ls32,
    author = {Texas Instruments},
    title = {AM26LS32Ax, AM26LS33Ax Quadruple Differential Line Receivers},
    year = 2024,
    url = {https://www.ti.com/lit/gpn/am26ls32ac}}
}

@misc{mosfet,
    author = {Texas Instruments},
    title = {AN-558 Introduction to Power MOSFETs and Their Applications},
    year = 2024,
    url = {https://www.ti.com/lit/an/snva008/snva008.pdf?ts=1727624000714&ref_url=https%253A%252F%252Fwww.google.com%252F}}
}

@book{pid,
  author = {Зоран Д. Јеличић, Мирна Н. Капетина, Милан Р. Рапаић},
  year = {2023},
  title = {Дискретни управљачки системи},
  publisher = {Универзитет у Новом Саду, Факултет техничких наука}
}

@book{jerkan,
  author = {Дејан Јеркан, Барбара Вујков},
  year = {2022},
  title = {Збирка задатака из електричних машина},
  publisher = {Универзитет у Новом Саду, Факултет техничких наука}
}

@misc{dc_motor_slika,
    author = {Industrial quick Search Manufacturer Directory},
    title = {Leading DC Motor Manufactureres},
    year = 2024,
    url = {https://www.electric-motors.net/dc-motors/}}
}

@misc{encoder,
    author = "Adrian Pop",
    title = "Incremental Encoder Speed Acquisition Using an STM32 Microcontroller and NI ELVIS",
    year = "2022",
    doi = "10.3390/s22145127"
}

@book{jerkan,
  author = {Richard Zurawski},
  year = {2005},
  title = {THE INDUSTRIAL COMMUNICATION TECHNOLOGY HANDBOOK},
  publisher = {CRC press}
}


